@misc{Stackgua58,
author = {Gerardo Richarte},
title = {Four different tricks to bypass StackShield and StackGuard protection},
howpublished = {\url{https://www.coresecurity.com/system/files/publications/2016/05/StackguardPaper.pdf}},
month = {April - June},
year = {2002},
note = {(Accessed on 11/10/2016)}
}
