@misc{Group2009,
author = {Group, The PHP},
title = {{PHP 5 ChangeLog}},
url = {http://php.net/ChangeLog-5.php{\#}5.3.0},
urldate = {8 Dec 2016},
year = {2009}
}

@misc{owasp_network,
author = {},
title = {Top 10 2014-I3 Insecure Network Services - OWASP},
howpublished = {\url{https://www.owasp.org/index.php/Top_10_2014-I3_Insecure_Network_Services}},
month = {},
year = {},
note = {(Accessed on 12/09/2016)}
}

@inproceedings{china,
  title={Ignoring the great firewall of china},
  author={Clayton, Richard and Murdoch, Steven J and Watson, Robert NM},
  booktitle={International Workshop on Privacy Enhancing Technologies},
  pages={20--35},
  year={2006},
  organization={Springer}
}
